<?xml version="1.0" encoding="UTF-8"?><collection xmlns="http://www.loc.gov/MARC21/slim"><record><leader>00371nam--2200121-i-4500</leader><controlfield tag="001">000032583</controlfield><controlfield tag="002">20161230</controlfield><controlfield tag="005">20161230201039</controlfield><controlfield tag="008">060222s1000------------r-----000-0-eng-d</controlfield><datafield ind1=" " ind2=" " tag="245"><subfield code="a">Methodes de mesure des capacites entre electrodes des tubes electroniques</subfield></datafield><datafield ind1=" " ind2=" " tag="260"><subfield code="a">Geneve, Commission Electrotechnique International, 1962. 53p</subfield></datafield><datafield ind1=" " ind2=" " tag="490"><subfield code="a">Publicatiion 100</subfield></datafield><datafield ind1=" " ind2=" " tag="852"><subfield code="a">21938</subfield></datafield></record></collection>